% TODO: Add references here
@ARTICLE{8766229,
  author={},
  journal={IEEE Std 754-2019 (Revision of IEEE 754-2008)}, 
  title={IEEE Standard for Floating-Point Arithmetic}, 
  year={2019},
  volume={},
  number={},
  pages={1-84},
  keywords={IEEE Standards;Floating-point arithmetic;arithmetic;binary;computer;decimal;exponent;floating-point;format;IEEE 754;interchange;NaN;number;rounding;significand;subnormal.},
  doi={10.1109/IEEESTD.2019.8766229}}
